<record><leader>00000cas a2200000 a 4500</leader><controlfield tag="001">8058533</controlfield><controlfield tag="008">820113d19511957txuwr ne      0    0eng d</controlfield><controlfield tag="009">618</controlfield><datafield ind1=" " ind2=" " tag="010"><subfield code="a">sn 87090627 </subfield></datafield><datafield ind1=" " ind2=" " tag="040"><subfield code="a">TXG</subfield><subfield code="b">eng</subfield><subfield code="c">TXG</subfield><subfield code="d">PPM</subfield><subfield code="d">OCL</subfield></datafield><datafield ind1=" " ind2=" " tag="042"><subfield code="a">msc</subfield></datafield><datafield ind1="0" ind2=" " tag="130"><subfield code="a">Austin news (Austin, Tex. : 1951)</subfield></datafield><datafield ind1="0" ind2="0" tag="245"><subfield code="a">Austin news.</subfield></datafield><datafield ind1=" " ind2=" " tag="260"><subfield code="a">Austin, Tex. :</subfield><subfield code="b">Austin News,</subfield><subfield code="c">1951-</subfield></datafield><datafield ind1=" " ind2=" " tag="300"><subfield code="a">v. :</subfield><subfield code="b">ill. ;</subfield><subfield code="c">36 cm.</subfield></datafield><datafield ind1=" " ind2=" " tag="310"><subfield code="a">Weekly.</subfield></datafield><datafield ind1="0" ind2=" " tag="362"><subfield code="a">Vol. 2, no. 5 (May 31, 1951)-</subfield></datafield><datafield ind1="1" ind2=" " tag="362"><subfield code="a">Ceased in 1957.</subfield></datafield><datafield ind1=" " ind2=" " tag="752"><subfield code="a">United States</subfield><subfield code="b">Texas</subfield><subfield code="c">Travis</subfield><subfield code="d">Austin.</subfield></datafield><datafield ind1="0" ind2="0" tag="780"><subfield code="t">South Austin news</subfield><subfield code="w">(DLC)sn 86090849</subfield></datafield><datafield ind1="0" ind2="0" tag="785"><subfield code="t">South Austin news (Austin, Tex. : 1957)</subfield><subfield code="w">(DLC)sn 86090848</subfield></datafield></record>